@inproceedings{galbrun11black,
author = {Galbrun, Esther and Miettinen, Pauli},
title = {{From Black and White to Full Colour: Extending Redescription Mining Outside the Boolean World}},
booktitle = {SDM '11},
year = {2011},
pages = {546--557},
month = may
}

