@inproceedings{galbrun12case,
author = {Galbrun, Esther and Miettinen, Pauli},
booktitle = {Instant Interactive Data Mining Workshop @ ECML-PKDD},
keywords = {dissert,interactive dm,redescription mining},
mendeley-tags = {dissert,interactive dm,redescription mining},
title = {{A Case of Visual and Interactive Data Analysis: Geospatial Redescription Mining}},
year = {2012}
}
@inproceedings{galbrun11black,
author = {Galbrun, Esther and Miettinen, Pauli},
booktitle = {SDM},
keywords = {fpqm,redescription mining,siren},
mendeley-groups = {RedMin,Tagged},
mendeley-tags = {fpqm,redescription mining,siren},
pages = {546--557},
title = {{From Black and White to Full Colour: Extending Redescription Mining Outside the Boolean World}},
year = {2011}
}
@article{galbrun12black,
author = {Galbrun, Esther and Miettinen, Pauli},
journal = {Statistical Analysis and Data Mining},
keywords = {arrm,dissert,redescription mining,siren,translator},
mendeley-groups = {RedMin,Tagged},
mendeley-tags = {arrm,dissert,redescription mining,siren,translator},
number = {4},
pages = {284--303},
title = {{From black and white to full color: extending redescription mining outside the Boolean world}},
volume = {5},
year = {2012}
}
@inproceedings{DBLP:conf/kdd/GalbrunM12,
author = {Galbrun, Esther and Miettinen, Pauli},
booktitle = {KDD},
editor = {Yang, Qiang and Agarwal, Deepak and Pei, Jian},
isbn = {978-1-4503-1462-6},
keywords = {interactive dm,redescription mining},
mendeley-tags = {interactive dm,redescription mining},
pages = {1544--1547},
publisher = {ACM},
title = {{Siren: an interactive tool for mining and visualizing geospatial redescriptions}},
year = {2012}
}

