@phdthesis{Galbrun2014,
author = {Galbrun, Esther},
school = {University of Helsinki},
title = {{Methods for Redescription Mining}},
url = {http://urn.fi/URN:ISBN:978-952-10-9431-6},
year = {2014}
}
@inproceedings{gallo08finding,
author = {Gallo, Arianna and Miettinen, Pauli and Mannila, Heikki},
booktitle = {Proceedings of the 8th SIAM International Conference on Data Mining, SDM'08},
pages = {334--345},
publisher = {SIAM},
title = {{Finding Subgroups having Several Descriptions: Algorithms for Redescription Mining}},
year = {2008}
}
@article{grinnell17niche,
author = {Grinnell, Joseph},
journal = {The Auk},
number = {4},
pages = {427--433},
title = {{The Niche-Relationships of the California Thrasher}},
volume = {34},
year = {1917}
}
@article{hijmans05very,
url = {www.worldclim.org},
author = {Hijmans, Robert J and Cameron, S E and Parra, L J and Jones, P G and Jarvis, A},
journal = {International Journal of Climatology},
pages = {1965--1978},
title = {{Very High Resolution Interpolated Climate Surfaces for Global Land Areas}},
volume = {25},
year = {2005}
}
@phdthesis{kumar07redescription,
author = {Kumar, Deept},
school = {Department of Computer Science, Virginia Tech},
title = {{Redescription mining: Algorithms and applications in bioinformatics}},
year = {2007}
}
@book{mitchell-jones99atlas,
address = {London},
url = {www.european-mammals.org},
author = {Mitchell-Jones, A J and Amori, G and Bogdanowicz, W and Krystufek, B and Reijnders, P J H and Spitzenberger, F and Stubbe, M and Thissen, J B M and Vohralik, V and Zima, J},
publisher = {Academic Press},
title = {{The Atlas of European Mammals}},
year = {1999}
}
@article{DBLP:journals/jmlr/NovakLW09,
author = {Novak, Petra Kralj and Lavrac, Nada and Webb, Geoffrey I},
journal = {Journal of Machine Learning Research},
pages = {377--403},
title = {{Supervised Descriptive Rule Discovery: A Unifying Survey of Contrast Set, Emerging Pattern and Subgroup Mining}},
volume = {10},
year = {2009}
}
@inproceedings{parida05redescription,
author = {Parida, Laxmi and Ramakrishnan, Naren},
booktitle = {Proceedings of the 20th National Conference on Artificial Intelligence and the 7th Innovative Applications of Artificial Intelligence Conference, AAAI'05},
editor = {Veloso, Manuela M and Kambhampati, Subbarao},
isbn = {1-57735-236-X},
pages = {837--844},
publisher = {AAAI Press / The MIT Press},
title = {{Redescription Mining: Structure Theory and Algorithms}},
year = {2005}
}
@article{pearson03predicting,
author = {Pearson, Richard G and Dawson, Terence P},
journal = {Global Ecology and Biogeography},
pages = {361--371},
title = {{Predicting the Impacts of Climate Change on the Distribution of Species: Are Bioclimate Envelope Models Useful?}},
volume = {12},
year = {2003}
}
@inproceedings{DBLP:conf/kdd/RamakrishnanKMPH04,
author = {Ramakrishnan, Naren and Kumar, Deept and Mishra, Bud and Potts, Malcolm and Helm, Richard F},
booktitle = {Proceedings of the 10th ACM SIGKDD International Conference on Knowledge Discovery and Data Mining, KDD'04},
editor = {Kim, Won and Kohavi, Ron and Gehrke, Johannes and DuMouchel, William},
isbn = {1-58113-888-1},
pages = {266--275},
publisher = {ACM},
title = {{Turning CARTwheels: An Alternating Algorithm for Mining Redescriptions}},
year = {2004}
}
@article{soberon09niches,
author = {Sober\'{o}n, Jorge and Nakamura, Miguel},
journal = {Proceedings of the National Academy of Sciences of the United States, PNAS},
number = {Supplement 2},
pages = {19644--19650},
publisher = {National Academy of Sciences},
title = {{Niches and distributional areas: Concepts, methods, and assumptions}},
volume = {106},
year = {2009}
}
@article{soberon05interpretation,
author = {Sober\'{o}n, Jorge and Peterson, A Townsend},
journal = {Biodiv. Inform.},
number = {0},
title = {{Interpretation of models of fundamental ecological niches and species' distributional areas}},
volume = {2},
year = {2005}
}
@article{thuiller09biomod,
author = {Thuiller, Wilfried and Lafourcade, Bruno and Engler, Robin and Ara\'{u}jo, Miguel B},
issn = {1600-0587},
journal = {Ecography},
number = {3},
pages = {369--373},
publisher = {Blackwell Publishing Ltd},
title = {{BIOMOD -- a platform for ensemble forecasting of species distributions}},
volume = {32},
year = {2009}
}
@inproceedings{DBLP:conf/kdd/ZakiR05,
author = {Zaki, Mohammed Javeed and Ramakrishnan, Naren},
booktitle = {Proceedings of the 11th ACM SIGKDD International Conference on Knowledge Discovery and Data Mining, KDD'05},
editor = {Grossman, Robert and Bayardo, Roberto J and Bennett, Kristin P},
isbn = {1-59593-135-X},
pages = {364--373},
publisher = {ACM},
title = {{Reasoning About Sets Using Redescription Mining}},
year = {2005}
}
