@inproceedings{galbrun12case,
author = {Galbrun, Esther and Miettinen, Pauli},
booktitle = {Instant Interactive Data Mining Workshop @ ECML-PKDD},
keywords = {dissert,interactive dm,redescription mining},
mendeley-tags = {dissert,interactive dm,redescription mining},
title = {{A Case of Visual and Interactive Data Analysis: Geospatial Redescription Mining}},
year = {2012}
}
@inproceedings{DBLP:conf/kdd/GalbrunM12,
author = {Galbrun, Esther and Miettinen, Pauli},
booktitle = {KDD},
editor = {Yang, Qiang and Agarwal, Deepak and Pei, Jian},
isbn = {978-1-4503-1462-6},
keywords = {interactive dm,redescription mining},
mendeley-tags = {interactive dm,redescription mining},
pages = {1544--1547},
publisher = {ACM},
title = {{Siren: an interactive tool for mining and visualizing geospatial redescriptions}},
year = {2012}
}
@article{galbrun12black,
author = {Galbrun, Esther and Miettinen, Pauli},
journal = {Statistical Analysis and Data Mining},
keywords = {arrm,dissert,redescription mining,siren,translator},
mendeley-groups = {RedMin,Tagged},
mendeley-tags = {arrm,dissert,redescription mining,siren,translator},
number = {4},
pages = {284--303},
title = {{From black and white to full color: extending redescription mining outside the Boolean world}},
volume = {5},
year = {2012}
}
@phdthesis{Galbrun2014,
author = {Galbrun, Esther},
school = {University of Helsinki},
title = {{Methods for Redescription Mining}},
url = {http://urn.fi/URN:ISBN:978-952-10-9431-6},
year = {2014}
}
@inproceedings{gallo08finding,
author = {Gallo, Arianna and Miettinen, Pauli and Mannila, Heikki},
booktitle = {Proceedings of the 8th SIAM International Conference on Data Mining, SDM'08},
pages = {334--345},
publisher = {SIAM},
title = {{Finding Subgroups having Several Descriptions: Algorithms for Redescription Mining}},
year = {2008}
}
@phdthesis{kumar07redescription,
author = {Kumar, Deept},
school = {Department of Computer Science, Virginia Tech},
title = {{Redescription mining: Algorithms and applications in bioinformatics}},
year = {2007}
}
@inproceedings{parida05redescription,
author = {Parida, Laxmi and Ramakrishnan, Naren},
booktitle = {Proceedings of the 20th National Conference on Artificial Intelligence and the 7th Innovative Applications of Artificial Intelligence Conference, AAAI'05},
editor = {Veloso, Manuela M and Kambhampati, Subbarao},
isbn = {1-57735-236-X},
pages = {837--844},
publisher = {AAAI Press / The MIT Press},
title = {{Redescription Mining: Structure Theory and Algorithms}},
year = {2005}
}
@inproceedings{DBLP:conf/kdd/RamakrishnanKMPH04,
author = {Ramakrishnan, Naren and Kumar, Deept and Mishra, Bud and Potts, Malcolm and Helm, Richard F},
booktitle = {Proceedings of the 10th ACM SIGKDD International Conference on Knowledge Discovery and Data Mining, KDD'04},
editor = {Kim, Won and Kohavi, Ron and Gehrke, Johannes and DuMouchel, William},
isbn = {1-58113-888-1},
pages = {266--275},
publisher = {ACM},
title = {{Turning CARTwheels: An Alternating Algorithm for Mining Redescriptions}},
year = {2004}
}
@inproceedings{DBLP:conf/kdd/ZakiR05,
author = {Zaki, Mohammed Javeed and Ramakrishnan, Naren},
booktitle = {Proceedings of the 11th ACM SIGKDD International Conference on Knowledge Discovery and Data Mining, KDD'05},
editor = {Grossman, Robert and Bayardo, Roberto J and Bennett, Kristin P},
isbn = {1-59593-135-X},
pages = {364--373},
publisher = {ACM},
title = {{Reasoning About Sets Using Redescription Mining}},
year = {2005}
}
